@online{人口密度,
  author = {都道府県市区町村},
  title  = {都道府県 人口・面積・人口密度ランキング},
  url    = {https://uub.jp/rnk/p_j.html},
  note   = {最終アクセス日: 2025-1-30}
}

@online{スマホ保有率,
  author = {総務省},
  title  = {通信利用動向調査},
  url    = {https://www.soumu.go.jp/johotsusintokei/whitepaper/ja/r04/html/nd238110.html},
  note   = {最終アクセス日: 2025-1-30}
}

@online{電柱設置間隔,
  author = {東京電力},
  title  = {全国の「位置情報データ」の代理店販売の概要},
  url    = {https://www.tepco.co.jp/pg/company/press-information/press/2019/pdf/190808j0101.pdf},
  note   = {最終アクセス日: 2025-1-30}
}

@article{間瀬憲一2001アドホックネットワーク,
  title   = {アドホックネットワーク},
  author  = {間瀬憲一 and 中野敬介 and 仙石正和 and 篠田庄司},
  journal = {信学誌},
  volume  = {84},
  number  = {2},
  pages   = {127--134},
  year    = {2001}
}